% This file was created with JabRef 2.10b2.
% Encoding: UTF-8


@Article{Didelot14,
  Title                    = {Bayesian inference of infectious disease transmission from whole-genome sequence data},
  Author                   = {Caroline Colijn
Jennifer Gardy
Xavier Didelot},
  Journal                  = {Molecular biology and evolution},
  Year                     = {2014},
  Number                   = {7},
  Pages                    = {1869-79},
  Volume                   = {31},

  Owner                    = {joel},
  Timestamp                = {2015.02.04}
}

@Article{outbrkr,
  Title                    = {Bayesian Reconstruction of Disease Outbreaks by Combining Epidemiologic and Genomic Data},
  Author                   = {Neil Ferguson
Christophe Fraser
Simon Cauchemez
Xavier Didelot
Anne Cori
Thibaut Jombart},
  Journal                  = {PLoS Computational Biology},
  Year                     = {2014},

  Owner                    = {joel},
  Timestamp                = {2015.02.04}
}

@Article{Morelli12,
  Title                    = {A Bayesian inference framework to reconstruct transmission trees using epidemiological and genetic data},
  Author                   = {Samuel Soubeyrand
Daniel T Haydon
Donald P King
Joël Chadœuf
Gaël Thébaud
Marco J Morelli},
  Journal                  = {PLoS Computational Biology},
  Year                     = {2012},
  Number                   = {11},
  Volume                   = {8},

  Owner                    = {joel},
  Timestamp                = {2015.02.04}
}

@Article{Gibson04,
  Title                    = {Bayesian inference for stochastic epidemics in closed populations},
  Author                   = {G. J Gibson
G. Streftaris},
  Journal                  = {Statistical Modelling 4},
  Year                     = {2004},
  Number                   = {1},
  Pages                    = {63-75},
  Volume                   = {4},

  Owner                    = {joel},
  Timestamp                = {2015.02.04}
}

