@Article{outbreaker,
title = {Bayesian reconstruction of disease outbreaks by combining epidemiologic and genomic data},
journal = {PLoS Computational Biology},
year = {accepted},
author = {Jombart T and Cori A and Didelot X and Cauchemez S and Fraser C and Ferguson N},
}

@Book{ggplot2,
    author = {Hadley Wickham},
    title = {ggplot2: elegant graphics for data analysis},
    publisher = {Springer New York},
    year = {2009},
    isbn = {978-0-387-98140-6},
    url = {http://had.co.nz/ggplot2/book},
}